%%=========================================
% --- References.
%     To enter a citation inside the text, use the
%         \cite{<cite_key>} or \citep{<cite_key>}
%     commands.
%     Documentation: https://en.wikibooks.org/wiki/LaTeX/Bibliography_Management
%
% --- Different formats.
% article - an article from a journal or magazine.
%     Required fields: author, title, journal, year, volume
%     Optional fields: number, pages, month, note, key
% book - a book with an explicit publisher.
%      Required fields: author/editor, title, publisher, year
%      Optional fields: volume/number, series, address, edition, month, note, key
% manual - technical documentation.
%      Required fields: title
%      Optional fields: author, organization, address, edition, month, year, note, key
% mastersthesis - a Master's thesis.
%      Required fields: author, title, school, year
%      Optional fields: type, address, month, note, key
% see more at: https://en.wikipedia.org/wiki/BibTeX
%
% --- Tips:
%     - Regarding the citation key: a good system would be to have the surname of the author, the year of publication and the first word in the title as the citation key, e.g. ibsen1884vilanden.
%     - multiple authors? Use 'and' between all of them.
%     - to ensure capital letters use {} around the letter.
%     - Special characters like &, {, $ and %, you must use \&, \{, \$ and \%.
%     - For norwegian characters use \ae, \o, \aa (see http://www.bibtex.org/SpecialSymbols/).
%
% --- Example.schwartz1992unniversals
@article{schwartz1992unniversals,
  title={Universals in the Content and Structure of Values: Theorical Advances and Empirical Tests in 20 Countries},
  author={Schwartz, Shalom H},
  journal={Advances in Experimental Social Psychology},
  volume={25},
  pages={1--69},
  year={1992}
}

@article{tomasello2003makes,
  title={What makes human cognition unique? {F}rom individual to shared to collective intentionality},
  author={Tomasello, Michael and Rakoczy, Hannes},
  journal={Mind \& Language},
  volume={18},
  number={2},
  pages={121--147},
  year={2003},
  publisher={Wiley Online Library}
}

@article{pinker1994regular,
  title={Regular and irregular morphology and the psychological status of rules of grammar},
  author={Pinker, Steven and Prince, Alan},
  journal={The reality of linguistic rules},
  volume={321},
  pages={51},
  year={1994},
  publisher={John Benjamins Amsterdam}
}

@article{chomsky1965some,
  title={Some controversial questions in phonological theory},
  author={Chomsky, Noam and Halle, Morris},
  journal={Journal of Linguistics},
  volume={1},
  number={02},
  pages={97--138},
  year={1965},
  publisher={Cambridge Univ Press}
}
@inproceedings{muller1861theoretical,
  title={Lectures on the Science of Language},
  author={M{\"u}ller, Friederich Max},
  booktitle={The theoretical stage, and the origin of language},
  pages={7--8},
  year={1861},
  publisher={Longman, Green, Longman, and Roberts},
  address={London, UK}
}

@book{cite_key,
  title     = {<title>},
  author    = {<first and middle name> <surname>},
  year      = {<year>},
  publisher = {<publisher>}
}
%
% --- Example of a reference to a BOOK.
@book{gregory1987oxford,
  title     = {The Oxford companion to the mind.},
  author    = {Richard L. Gregory and Oliver Louis Zangwill},
  year      = {1987},
  publisher = {Oxford University Press}
}
%
% --- Example of a reference to an ARTICLE.
@article{winograd1972understanding,
  title     = {Understanding natural language},
  author    = {Terry Winograd},
  journal   = {Cognitive psychology},
  volume    = {3},
  number    = {1},
  pages     = {1--191},
  year      = {1972},
  publisher = {Elsevier}
}
%%=========================================
@article{hauser2002faculty,
  title={The faculty of language: what is it, who has it, and how did it evolve?},
  author={Hauser, Marc D and Chomsky, Noam and Fitch, W Tecumseh},
  journal={Science},
  volume={298},
  number={5598},
  pages={1569--1579},
  year={2002},
  publisher={American Association for the Advancement of Science}
}

@mastersthesis{lekvam2014co,
  title={Co-evolving Language and Social Structure Using a Genetic Algorithm},
  author={Lekvam, Torvald},
  school={Norwegian University of Science and Technology},
  year={2014},
  publisher={Department of Computer Science, FACULTY OF INFORMATION TECHNOLOGY AND ELECTRICAL ENGINEERING}
}

@article{steels1997synthetic,
  title={The synthetic modeling of language origins},
  author={Steels, Luc},
  journal={Evolution of communication},
  volume={1},
  number={1},
  pages={1--34},
  year={1997},
  publisher={John Benjamins Publishing Company}
}

@mastersthesis{quillinan2006social,
  title={Social networks and cultural transmission},
  author={Quillinan, Justin},
  school={University of Ediburgh},
  year={2006},
  publisher={Department of Linguistics and English Language}
}

@book{chomsky1986knowledge,
  title={Knowledge of language: Its nature, origin, and use},
  author={Chomsky, Noam},
  year={1986},
  publisher={Greenwood Publishing Group}
}

@article{bickerton2007language,
  title={Language evolution: A brief guide for linguists},
  author={Bickerton, Derek},
  journal={Lingua},
  volume={117},
  number={3},
  pages={510--526},
  year={2007},
  publisher={Elsevier}
}

@article{pinker1990natural,
  title={Natural language and natural selection},
  author={Pinker, Steven and Bloom, Paul},
  journal={Behavioral and brain sciences},
  volume={13},
  number={04},
  pages={707--727},
  year={1990},
  publisher={Cambridge Univ Press}
}

@article{munroe2002learning,
  title={Learning and the evolution of language: {T}he role of cultural variation and learning costs in the {B}aldwin effect},
  author={Munroe, Steve and Cangelosi, Angelo},
  journal={Artificial Life},
  volume={8},
  number={4},
  pages={311--339},
  year={2002},
  publisher={MIT Press}
}

@inproceedings{suzuki2008learning,
  title={How Learning Can Guide Evolution of Communication},
  author={Suzuki, Reiji and Arita, Takaya},
  booktitle={ALIFE},
  pages={608--615},
  year={2008},
  address={Nagoya University, Nagoya, Japan}
}

@article{baldwin1896new,
  title={A new factor in evolution},
  author={Baldwin, J Mark},
  journal={The American Naturalist},
  volume={30},
  number={354},
  pages={441--451},
  year={1896},
  publisher={JSTOR}
}

@article{lipowska2011naming,
  title={Naming game and computational modelling of language evolution},
  author={Lipowska, Dorota},
  journal={Computational Methods in Science and Technology},
  volume={17},
  number={1-2},
  pages={41--51},
  year={2011}
}

@article{zollman2010plasticity,
  title={Plasticity and language: an example of the {B}aldwin effect?},
  author={Zollman, Kevin JS and Smead, Rory},
  journal={Philosophical studies},
  volume={147},
  number={1},
  pages={7--21},
  year={2010},
  publisher={Springer}
}

@article{chater2010language,
  title={Language acquisition meets language evolution},
  author={Chater, Nick and Christiansen, Morten H},
  journal={Cognitive Science},
  volume={34},
  number={7},
  pages={1131--1157},
  year={2010},
  publisher={Wiley Online Library}
}

@article{christiansen2003language,
  title={Language evolution: Consensus and controversies},
  author={Christiansen, Morten H and Kirby, Simon},
  journal={Trends in cognitive sciences},
  volume={7},
  number={7},
  pages={300--307},
  year={2003},
  publisher={Elsevier}
}

@article{gong2011simulating,
  title={Simulating the coevolution of compositionality and word order regularity},
  author={Gong, Tao},
  journal={Interaction Studies},
  volume={12},
  number={1},
  pages={63--106},
  year={2011},
  publisher={John Benjamins Publishing Company}
}

@book{steels2012experiments,
  title={Experiments in cultural language evolution},
  author={Steels, Luc},
  year={2012},
  publisher={John Benjamins Publishing},
  address={Institute for Evolutionary Biology, Barcelona, Spain}
}

@inproceedings{gong2004computational,
  title={A computational framework to simulate the coevolution of language and social structure},
  author={Gong, Tao and Ke, Jinyun and Minett, James W and Wang, William SY},
  booktitle={Artificial Life IX: Proceedings of the 9th International Conference on the Simulation and Synthesis of Living Systems},
  pages={158--64},
  year={2004},
  address={Tremont Hotel, Boston, MA, USA}
}

@book{michalski2013machine,
  title={Machine learning: An artificial intelligence approach},
  author={Michalski, Ryszard S and Carbonell, Jaime G and Mitchell, Tom M},
  year={2013},
  publisher={Springer Science \& Business Media},
  address={Berlin, Germany}
}

@article{gong2008exploring,
  title={Exploring social structure effect on language evolution based on a computational model},
  author={Gong, Tao and Minett, James W and Wang, William SY},
  journal={Connection Science},
  volume={20},
  number={2-3},
  pages={135--153},
  year={2008},
  publisher={Taylor \& Francis}
}

@article{schwartz2012overview,
  title={An overview of the Schwartz theory of basic values},
  author={Schwartz, Shalom H},
  journal={Online readings in Psychology and Culture},
  volume={2},
  number={1},
  year={2012}
}

@article{jain1996artificial,
  title={Artificial neural networks: A tutorial},
  author={Jain, Anil K and Mao, Jianchang and Mohiuddin, K Moidin},
  journal={Computer},
  volume={29},
  number={3},
  pages={31--44},
  year={1996},
  publisher={IEEE}
}